@article{breiman1996bagging,
  title={Bagging predictors},
  author={Breiman, Leo},
  journal={Machine learning},
  volume={24},
  number={2},
  pages={123--140},
  year={1996},
  publisher={Springer}
}

@article{karkus2019differentiable,
  title={Differentiable Algorithm Networks for Composable Robot Learning},
  author={Karkus, Peter and Ma, Xiao and Hsu, David and Kaelbling, Leslie Pack and Lee, Wee Sun and Lozano-P{\'e}rez, Tom{\'a}s},
  journal={arXiv preprint arXiv:1905.11602},
  year={2019}
}


@inproceedings{pennington2014glove,
  title={Glove: Global vectors for word representation},
  author={Pennington, Jeffrey and Socher, Richard and Manning, Christopher},
  booktitle={Proceedings of the 2014 conference on empirical methods in natural language processing (EMNLP)},
  pages={1532--1543},
  year={2014}
}


@article{fortunato2017bayesian,
  title={Bayesian recurrent neural networks},
  author={Fortunato, Meire and Blundell, Charles and Vinyals, Oriol},
  journal={arXiv preprint arXiv:1704.02798},
  year={2017}
}


@article{li2018text,
  title={Text classification based on ensemble extreme learning machine},
  author={Li, Ming and Xiao, Peilun and Zhang, Ju},
  journal={arXiv preprint arXiv:1805.06525},
  year={2018}
}

@inproceedings{bai2015intention,
	title={Intention-aware online POMDP planning for autonomous driving in a crowd},
	author={Bai, Haoyu and Cai, Shaojun and Ye, Nan and Hsu, David and Lee, Wee Sun},
	booktitle={2015 ieee international conference on robotics and automation (icra)},
	pages={454--460},
	year={2015},
	organization={IEEE}
}

@inproceedings{li2016act,
	title={Act to see and see to act: POMDP planning for objects search in clutter},
	author={Li, Jue Kun and Hsu, David and Lee, Wee Sun},
	booktitle={2016 IEEE/RSJ International Conference on Intelligent Robots and Systems (IROS)},
	pages={5701--5707},
	year={2016},
	organization={IEEE}
}

@inproceedings{Dosovitskiy17,
	title = {{CARLA}: {An} Open Urban Driving Simulator},
	author = {Alexey Dosovitskiy and German Ros and Felipe Codevilla and Antonio Lopez and Vladlen Koltun},
	booktitle = {Proceedings of the 1st Annual Conference on Robot Learning},
	pages = {1--16},
	year = {2017}
}

@inproceedings{michels2005high,
	title={High speed obstacle avoidance using monocular vision and reinforcement learning},
	author={Michels, Jeff and Saxena, Ashutosh and Ng, Andrew Y},
	booktitle={Proceedings of the 22nd international conference on Machine learning},
	pages={593--600},
	year={2005},
	organization={ACM}
}


@article{ILSVRC15,
	Author = {Olga Russakovsky and Jia Deng and Hao Su and Jonathan Krause and Sanjeev Satheesh and Sean Ma and Zhiheng Huang and Andrej Karpathy and Aditya Khosla and Michael Bernstein and Alexander C. Berg and Li Fei-Fei},
	Title = {{ImageNet Large Scale Visual Recognition Challenge}},
	Year = {2015},
	journal   = {International Journal of Computer Vision (IJCV)},
	doi = {10.1007/s11263-015-0816-y},
	volume={115},
	number={3},
	pages={211-252}
}

@article{tieleman2012lecture,
	title={Lecture 6.5-rmsprop: Divide the gradient by a running average of its recent magnitude},
	author={Tieleman, Tijmen and Hinton, Geoffrey},
	journal={COURSERA: Neural networks for machine learning},
	volume={4},
	number={2},
	pages={26--31},
	year={2012}
}

@misc{baselines,
	author = {Dhariwal, Prafulla and Hesse, Christopher and Klimov, Oleg and Nichol, Alex and Plappert, Matthias and Radford, Alec and Schulman, John and Sidor, Szymon and Wu, Yuhuai and Zhokhov, Peter},
	title = {OpenAI Baselines},
	year = {2017},
	publisher = {GitHub},
	journal = {GitHub repository},
	howpublished = {\url{https://github.com/openai/baselines}},
}

@article{zhang2018natural,
	title={Natural Environment Benchmarks for Reinforcement Learning},
	author={Zhang, Amy and Wu, Yuxin and Pineau, Joelle},
	journal={arXiv preprint arXiv:1811.06032},
	year={2018}
}


@article{mozer1995focused,
  title={A focused backpropagation algorithm for temporal},
  author={Mozer, Michael C},
  journal={Backpropagation: Theory, architectures, and applications},
  volume={137},
  year={1995}
}

@article{williams1992simple,
	title={Simple statistical gradient-following algorithms for connectionist reinforcement learning},
	author={Williams, Ronald J},
	journal={Machine learning},
	year={1992}
}


@article{zhou2016text,
  title={Text classification improved by integrating bidirectional LSTM with two-dimensional max pooling},
  author={Zhou, Peng and Qi, Zhenyu and Zheng, Suncong and Xu, Jiaming and Bao, Hongyun and Xu, Bo},
  journal={arXiv preprint arXiv:1611.06639},
  year={2016}
}

@inproceedings{pang2005seeing,
  title={Seeing stars: Exploiting class relationships for sentiment categorization with respect to rating scales},
  author={Pang, Bo and Lee, Lillian},
  booktitle={Proceedings of the 43rd annual meeting on association for computational linguistics},
  year={2005}
}

@article{burda2015importance,
  title={Importance weighted autoencoders},
  author={Burda, Yuri and Grosse, Roger and Salakhutdinov, Ruslan},
  journal={arXiv preprint arXiv:1509.00519},
  year={2015}
}


@inproceedings{xiong2018microsoft,
  title={The {M}icrosoft 2017 conversational speech recognition system},
  author={Xiong, Wayne and Wu, Lingfeng and Alleva, Fil and Droppo, Jasha and Huang, Xuedong and Stolcke, Andreas},
  booktitle={Proceedings of the IEEE International Conference on Acoustics, Speech and Signal Processing},
  pages={5934--5938},
  year={2018},
}

@inproceedings{paszke2017automatic,
  title={Automatic differentiation in {PyTorch}},
  author={Paszke, Adam and Gross, Sam and Chintala, Soumith and Chanan, Gregory and Yang, Edward and DeVito, Zachary and Lin, Zeming and Desmaison, Alban and Antiga, Luca and Lerer, Adam},
  booktitle={NeurIPS Autodiff Workshop},
  year={2017}
}

@phdthesis{murphy2002dynamic,
	title={Dynamic bayesian networks: representation, inference and learning},
	author={Murphy, Kevin Patrick},
	year={2002},
	school={University of California, Berkeley}
}


@book{thrun2005probabilistic,
	title={Probabilistic robotics},
	author={Thrun, Sebastian and Burgard, Wolfram and Fox, Dieter},
	year={2005},
	publisher={MIT press}
}

@article{renals1994connectionist,
	title={Connectionist probability estimators in HMM speech recognition},
	author={Renals, Steve and Morgan, Nelson and Bourlard, Herv{\'e} and Cohen, Michael and Franco, Horacio},
	journal={IEEE Transactions on Speech and Audio Processing},
	year={1994}
}

@article{jetto1999development,
	title={Development and experimental validation of an adaptive extended Kalman filter for the localization of mobile robots},
	author={Jetto, Leopoldo and Longhi, Sauro and Venturini, Giuseppe},
	journal={IEEE Transactions on Robotics and Automation},
	year={1999}
}

@article{hochreiter1997long,
  title={Long short-term memory},
  author={Hochreiter, Sepp and Schmidhuber, J{\"u}rgen},
  journal={Neural computation},
  volume={9},
  number={8},
  pages={1735--1780},
  year={1997},
  publisher={MIT Press}
}

@inproceedings{karkus2017qmdp,
	title={{QMDP}-net: Deep learning for planning under partial observability},
	author={Karkus, Peter and Hsu, David and Lee, Wee Sun},
	booktitle={Advances in Neural Information Processing Systems},
	pages={4694--4704},
	year={2017}
}

@inproceedings{karkus2018particle,
  title={Particle Filter Networks with Application to Visual Localization},
  author={Karkus, Peter and Hsu, David and Lee, Wee Sun},
  booktitle={Proceedings of the Conference on Robot Learning},
  pages={169--178},
  year={2018}
}


@article{zheng2017state,
	title={State Space LSTM Models with Particle MCMC Inference},
	author={Zheng, Xun and Zaheer, Manzil and Ahmed, Amr and Wang, Yuan and Xing, Eric P and Smola, Alexander J},
	journal={arXiv preprint arXiv:1711.11179},
	year={2017}
}

@incollection{doucet2001introduction,
	title={An introduction to sequential Monte Carlo methods},
	author={Doucet, Arnaud and De Freitas, Nando and Gordon, Neil},
	booktitle={Sequential Monte Carlo methods in practice},
	year={2001},
	publisher={Springer}
}

@article{thrun2001robust,
  title={Robust {Monte Carlo} localization for mobile robots},
  author={Thrun, Sebastian and Fox, Dieter and Burgard, Wolfram and Dellaert, Frank},
  journal={Artificial intelligence},
  volume={128},
  number={1-2},
  pages={99--141},
  year={2001},
}

@article{khan2005mcmc,
	title={MCMC-based particle filtering for tracking a variable number of interacting targets},
	author={Khan, Zia and Balch, Tucker and Dellaert, Frank},
	journal={IEEE transactions on pattern analysis and machine intelligence},
	year={2005},
	publisher={IEEE}
}

@inproceedings{blake1997condensation,
  title={The condensation algorithm-conditional density propagation and applications to visual tracking},
  author={Blake, Andrew and Isard, Michael},
  booktitle={Advances in Neural Information Processing Systems},
  pages={361--367},
  year={1997}
}


@inproceedings{tamar2016value,
	title={Value iteration networks},
	author={Tamar, Aviv and Wu, Yi and Thomas, Garrett and Levine, Sergey and Abbeel, Pieter},
	booktitle={Advances in Neural Information Processing Systems},
	year={2016}
}

@article{lecun1995convolutional,
	title={Convolutional networks for images, speech, and time series},
	author={LeCun, Yann and Bengio, Yoshua and others},
	journal={The handbook of brain theory and neural networks},
	volume={3361},
	number={10},
	pages={1995},
	year={1995}
}

@article{mur2017orb,
	title={Orb-slam2: An open-source slam system for monocular, stereo, and rgb-d cameras},
	author={Mur-Artal, Raul and Tard{\'o}s, Juan D},
	journal={IEEE Transactions on Robotics},
	year={2017},
	publisher={IEEE}
}

@inproceedings{kingma2013auto,
	title={Auto-encoding variational {B}ayes},
	author={Kingma, Diederik P and Welling, Max},
	booktitle={Proceedings of the International Conference on Learning Representations},
	year={2014}
}

@article{higgins2016beta,
	title={beta-vae: Learning basic visual concepts with a constrained variational framework},
	author={Higgins, Irina and Matthey, Loic and Pal, Arka and Burgess, Christopher and Glorot, Xavier and Botvinick, Matthew and Mohamed, Shakir and Lerchner, Alexander},
	journal={International Conference on Learning Representations},
	year={2016}
}

@book{jensen1996introduction,
	title={An introduction to Bayesian networks},
	author={Jensen, Finn V},
	volume={210},
	year={1996},
	publisher={UCL press London}
}

@article{rabiner1989tutorial,
	title={A tutorial on hidden {M}arkov models and selected applications in speech recognition},
	author={Rabiner, Lawrence R},
	journal={Proceedings of the IEEE},
	year={1989},
	publisher={Ieee}
}

@misc{robert2014machine,
	title={Machine learning, a probabilistic perspective},
	author={Robert, Christian},
	year={2014},
	publisher={Taylor \& Francis}
}

@article{yu2004advances,
	title={Advances to Bayesian network inference for generating causal networks from observational biological data},
	author={Yu, Jing and Smith, V Anne and Wang, Paul P and Hartemink, Alexander J and Jarvis, Erich D},
	journal={Bioinformatics},
	year={2004},
	publisher={Oxford University Press}
}

@inproceedings{murphy2001factored,
	title={The factored frontier algorithm for approximate inference in DBNs},
	author={Murphy, Kevin and Weiss, Yair},
	booktitle={Proceedings of the Seventeenth conference on Uncertainty in artificial intelligence},
	year={2001},
	organization={Morgan Kaufmann Publishers Inc.}
}

@article{huang1990hidden,
	title={Hidden Markov models for speech recognition},
	author={Huang, Xuedong D and Ariki, Yasuo and Jack, Mervyn A},
	year={1990},
	publisher={Edinburgh university press Edinburgh}
}

@inproceedings{elmezain2008hidden,
	title={A hidden markov model-based continuous gesture recognition system for hand motion trajectory},
	author={Elmezain, Mahmoud and Al-Hamadi, Ayoub and Appenrodt, Jorg and Michaelis, Bernd},
	booktitle={International Conference on Pattern Recognition},
	year={2008},
	organization={IEEE}
}

@incollection{starner1997real,
	title={Real-time american sign language recognition from video using hidden markov models},
	author={Starner, Thad and Pentland, Alex},
	booktitle={Motion-Based Recognition},
	year={1997},
	publisher={Springer}
}

@book{harvey1990forecasting,
	title={Forecasting, structural time series models and the Kalman filter},
	author={Harvey, Andrew C},
	year={1990},
	publisher={Cambridge university press}
}

@inproceedings{julier1997new,
	title={New extension of the Kalman filter to nonlinear systems},
	author={Julier, Simon J and Uhlmann, Jeffrey K},
	booktitle={Signal processing, sensor fusion, and target recognition VI},
	year={1997},
	organization={International Society for Optics and Photonics}
}

@inproceedings{bailey2006consistency,
	title={Consistency of the EKF-SLAM algorithm},
	author={Bailey, Tim and Nieto, Juan and Guivant, Jose and Stevens, Michael and Nebot, Eduardo},
	booktitle={Intelligent Robots and Systems, 2006 IEEE/RSJ International Conference on},
	pages={3562--3568},
	year={2006},
	organization={IEEE}
}

@inproceedings{williams2010combining,
	title={On combining visual SLAM and visual odometry},
	author={Williams, Brian and Reid, Ian},
	booktitle={IEEE International Conference on Robotics and Automation (ICRA)},
	year={2010},
	organization={IEEE}
}

@article{chen2012kalman,
	title={Kalman filter for robot vision: a survey},
	author={Chen, SY},
	journal={IEEE Transactions on Industrial Electronics},
	year={2012},
	publisher={IEEE}
}
@article{dissanayake2001solution,
	title={A solution to the simultaneous localization and map building (SLAM) problem},
	author={Dissanayake, MWM Gamini and Newman, Paul and Clark, Steve and Durrant-Whyte, Hugh F and Csorba, Michael},
	journal={IEEE Transactions on robotics and automation},
	year={2001},
	publisher={IEEE}
}

@inproceedings{bailey2006consistency,
	title={Consistency of the EKF-SLAM algorithm},
	author={Bailey, Tim and Nieto, Juan and Guivant, Jose and Stevens, Michael and Nebot, Eduardo},
	booktitle={IEEE/RSJ International Conference on Intelligent Robots and Systems},
	year={2006},
	organization={IEEE}
}

@incollection{doucet2001introduction,
	title={An introduction to sequential {M}onte {C}arlo methods},
	author={Doucet, Arnaud and De Freitas, Nando and Gordon, Neil},
	booktitle={Sequential {M}onte {C}arlo methods in practice},
	year={2001},
	publisher={Springer}
}

@article{montemerlo2002fastslam,
	title={FastSLAM: A factored solution to the simultaneous localization and mapping problem},
	author={Montemerlo, Michael and Thrun, Sebastian and Koller, Daphne and Wegbreit, Ben and others},
	journal={AAAI},
	year={2002}
}


@article{khan2005mcmc,
	title={MCMC-based particle filtering for tracking a variable number of interacting targets},
	author={Khan, Zia and Balch, Tucker and Dellaert, Frank},
	journal={IEEE transactions on pattern analysis and machine intelligence},
	year={2005},
	publisher={IEEE}
}

@inproceedings{somani2013despot,
  title={{DESPOT}: Online {POMDP} planning with regularization},
  author={Somani, Adhiraj and Ye, Nan and Hsu, David and Lee, Wee Sun},
  booktitle={Advances in neural information processing systems},
  pages={1772--1780},
  year={2013}
}

@inproceedings{shani2005model,
	title={Model-based online learning of POMDPs},
	author={Shani, Guy and Brafman, Ronen I and Shimony, Solomon E},
	booktitle={European Conference on Machine Learning},
	year={2005},
	organization={Springer}
}

@inproceedings{he2016deep,
	title={Deep residual learning for image recognition},
	author={He, Kaiming and Zhang, Xiangyu and Ren, Shaoqing and Sun, Jian},
	booktitle={Proceedings of the IEEE conference on computer vision and pattern recognition},
	year={2016}
}

@inproceedings{ren2015faster,
	title={Faster r-cnn: Towards real-time object detection with region proposal networks},
	author={Ren, Shaoqing and He, Kaiming and Girshick, Ross and Sun, Jian},
	booktitle={Advances in neural information processing systems},
	year={2015}
}

@article{mnih2013playing,
	title={Playing atari with deep reinforcement learning},
	author={Mnih, Volodymyr and Kavukcuoglu, Koray and Silver, David and Graves, Alex and Antonoglou, Ioannis and Wierstra, Daan and Riedmiller, Martin},
	journal={arXiv preprint arXiv:1312.5602},
	year={2013}
}

@article{cui2016attention,
	title={Attention-over-attention neural networks for reading comprehension},
	author={Cui, Yiming and Chen, Zhipeng and Wei, Si and Wang, Shijin and Liu, Ting and Hu, Guoping},
	journal={arXiv preprint arXiv:1607.04423},
	year={2016}
}

@article{ma2019particle,
	title={Particle Filter Recurrent Neural Networks},
	author={Ma, Xiao and Karkus, Peter and Hsu, Daivd and Lee, Wee Sun},
	journal={arXiv preprint arXiv:1905.12885},
	year={2019}
}

@article{bengio2012advances,
	title={Advances in optimizing recurrent networks},
	author={Bengio, Yoshua and Boulanger-Lewandowski, Nicolas and Pascanu, Razvan},
	journal={arXiv preprint arXiv:1212.0901},
	year={2012}
}

@misc{olah_2015, title={Understanding LSTM Networks}, url={https://colah.github.io/posts/2015-08-Understanding-LSTMs/}, journal={Understanding LSTM Networks -- colah's blog}, author={Olah, Christopher}, year={2015}}

@inproceedings{johnson2016densecap,
	title={Densecap: Fully convolutional localization networks for dense captioning},
	author={Johnson, Justin and Karpathy, Andrej and Fei-Fei, Li},
	booktitle={Proceedings of the IEEE Conference on Computer Vision and Pattern Recognition},
	year={2016}
}

@article{gordon2017re3,
	title={Re3: Real-time recurrent regression networks for visual tracking of generic objects},
	author={Gordon, Daniel and Farhadi, Ali and Fox, Dieter},
	journal={arXiv preprint arXiv:1705.06368},
	year={2017}
}

@article{hausknecht2015deep,
	title={Deep recurrent q-learning for partially observable mdps},
	author={Hausknecht, Matthew and Stone, Peter},
	journal={CoRR, abs/1507.06527},
	volume={7},
	number={1},
	year={2015}
}

@inproceedings{gers2000recurrent,
	title={Recurrent nets that time and count},
	author={Gers, Felix A and Schmidhuber, J{\"u}rgen},
	booktitle={IJCNN},
	year={2000},
	organization={IEEE}
}

@article{yao2015depth,
	title={Depth-gated recurrent neural networks. arXiv preprint},
	author={Yao, Kaisheng and Cohn, Trevor and Vylomova, Katerina and Duh, Kevin and Dyer, Chris},
	journal={arXiv preprint arXiv:1508.03790},
	volume={9},
	year={2015}
}

@article{koutnik2014clockwork,
	title={A clockwork rnn},
	author={Koutnik, Jan and Greff, Klaus and Gomez, Faustino and Schmidhuber, Juergen},
	journal={arXiv preprint arXiv:1402.3511},
	year={2014}
}

@article{chung2014empirical,
	title={Empirical evaluation of gated recurrent neural networks on sequence modeling},
	author={Chung, Junyoung and Gulcehre, Caglar and Cho, KyungHyun and Bengio, Yoshua},
	journal={arXiv preprint arXiv:1412.3555},
	year={2014}
}

@article{ravanelli2018light,
	title={Light gated recurrent units for speech recognition},
	author={Ravanelli, Mirco and Brakel, Philemon and Omologo, Maurizio and Bengio, Yoshua},
	journal={IEEE Transactions on Emerging Topics in Computational Intelligence},
	year={2018},
	publisher={IEEE}
}

@inproceedings{chung2015recurrent,
	title={A recurrent latent variable model for sequential data},
	author={Chung, Junyoung and Kastner, Kyle and Dinh, Laurent and Goel, Kratarth and Courville, Aaron C and Bengio, Yoshua},
	booktitle={Advances in Neural Information Processing Systems},
	pages={2980--2988},
	year={2015}
}

@article{civera20101,
	title={1-Point RANSAC for extended Kalman filtering: Application to real-time structure from motion and visual odometry},
	author={Civera, Javier and Grasa, Oscar G and Davison, Andrew J and Montiel, JMM},
	journal={Journal of Field Robotics},
	year={2010}
}

@article{amos2017optnet,
	title={Optnet: Differentiable optimization as a layer in neural networks},
	author={Amos, Brandon and Kolter, J Zico},
	journal={arXiv preprint arXiv:1703.00443},
	year={2017}
}

@inproceedings{donti2017task,
	title={Task-based end-to-end model learning in stochastic optimization},
	author={Donti, Priya and Amos, Brandon and Kolter, J Zico},
	booktitle={Advances in Neural Information Processing Systems},
	pages={5484--5494},
	year={2017}
}

@inproceedings{mnih2016asynchronous,
	title={Asynchronous methods for deep reinforcement learning},
	author={Mnih, Volodymyr and Badia, Adria Puigdomenech and Mirza, Mehdi and Graves, Alex and Lillicrap, Timothy and Harley, Tim and Silver, David and Kavukcuoglu, Koray},
	booktitle={Proceedings of the International Conference on Machine Learning},
	pages={1928--1937},
	year={2016}
}

@article{silver2016predictron,
	title={The predictron: End-to-end learning and planning},
	author={Silver, David and van Hasselt, Hado and Hessel, Matteo and Schaul, Tom and Guez, Arthur and Harley, Tim and Dulac-Arnold, Gabriel and Reichert, David and Rabinowitz, Neil and Barreto, Andre and others},
	journal={arXiv preprint arXiv:1612.08810},
	year={2016}
}

@inproceedings{oh2017value,
	title={Value prediction network},
	author={Oh, Junhyuk and Singh, Satinder and Lee, Honglak},
	booktitle={Advances in Neural Information Processing Systems},
	year={2017}
}

@article{farquhar2017treeqn,
	title={TreeQN and ATreeC: Differentiable tree planning for deep reinforcement learning},
	author={Farquhar, Gregory and Rockt{\"a}schel, Tim and Igl, Maximilian and Whiteson, Shimon},
	journal={arXiv preprint arXiv:1710.11417},
	year={2017}
}

@article{guez2018learning,
	title={Learning to search with MCTSnets},
	author={Guez, Arthur and Weber, Th{\'e}ophane and Antonoglou, Ioannis and Simonyan, Karen and Vinyals, Oriol and Wierstra, Daan and Munos, R{\'e}mi and Silver, David},
	journal={arXiv preprint arXiv:1802.04697},
	year={2018}
}

@inproceedings{ummenhofer2017demon,
	title={Demon: Depth and motion network for learning monocular stereo},
	author={Ummenhofer, Benjamin and Zhou, Huizhong and Uhrig, Jonas and Mayer, Nikolaus and Ilg, Eddy and Dosovitskiy, Alexey and Brox, Thomas},
	booktitle={IEEE Conference on computer vision and pattern recognition (CVPR)},
	year={2017}
}

@article{wang2017deep,
	title={Deep-LK for Efficient Adaptive Object Tracking},
	author={Wang, Chaoyang and Galoogahi, Hamed Kiani and Lin, Chen-Hsuan and Lucey, Simon},
	journal={arXiv preprint arXiv:1705.06839},
	year={2017}
}

@inproceedings{wang2018learning,
	title={Learning Depth from Monocular Videos using Direct Methods},
	author={Wang, Chaoyang and Buenaposada, Jos{\'e} Miguel and Zhu, Rui and Lucey, Simon},
	booktitle={Proceedings of the IEEE Conference on Computer Vision and Pattern Recognition},
	pages={2022--2030},
	year={2018}
}

@inproceedings{haarnoja2016backprop,
  title={Backprop {KF}: Learning discriminative deterministic state estimators},
  author={Haarnoja, Tuomas and Ajay, Anurag and Levine, Sergey and Abbeel, Pieter},
  booktitle={Advances in Neural Information Processing Systems},
  pages={4376--4384},
  year={2016}
}

@inproceedings{jonschkowski2018differentiable,
    title = {{Differentiable Particle Filters: End-to-End Learning with Algorithmic Priors}},
    booktitle = {{Proceedings of Robotics: Science and Systems (RSS)}},
    author = {Jonschkowski, Rico and Rastogi, Divyam and Brock, Oliver},
    year = {2018},
}

@inproceedings{kurniawati2008sarsop,
	title={SARSOP: Efficient Point-Based POMDP Planning by Approximating Optimally Reachable Belief Spaces.},
	author={Kurniawati, Hanna and Hsu, David and Lee, Wee Sun},
	booktitle={Robotics: Science and systems},
	year={2008}
}

@conference{jonschkowski2016end,
Title = {End-To-End Learnable Histogram Filters},
author={Jonschkowski, Rico and Brock, Oliver},
Booktitle = {NeurIPS Workshop on Deep Learning for Action and Interaction},
Year = {2016}
}

@Misc{2007:phd-Ana-Cardoso-Cachopo,
	author =	 {Ana Cardoso-Cachopo},
	title =	 {{Improving Methods for Single-label Text
	Categorization}},
	howpublished = {PdD Thesis, Instituto Superior Tecnico, Universidade
	Tecnica de Lisboa},
	year =	 2007
}


@inproceedings{naesseth2018variational,
  title={Variational Sequential Monte Carlo},
  author={Naesseth, Christian and Linderman, Scott and Ranganath, Rajesh and Blei, David},
  booktitle={International Conference on Artificial Intelligence and Statistics},
  pages={968--977},
  year={2018}
}

@inproceedings{maddison2017filtering,
	title={Filtering variational objectives},
	author={Maddison, Chris J and Lawson, John and Tucker, George and Heess, Nicolas and Norouzi, Mohammad and Mnih, Andriy and Doucet, Arnaud and Teh, Yee},
	booktitle={Advances in Neural Information Processing Systems},
	pages={6573--6583},
	year={2017}
}

@article{del1996non,
  title={Non-linear filtering: interacting particle resolution},
  author={Del Moral, Pierre},
  journal={Markov processes and related fields},
  volume={2},
  number={4},
  pages={555--581},
  year={1996},
  publisher={Citeseer}
}

@article{le2017auto,
	title={Auto-Encoding Sequential Monte Carlo},
	author={Le, Tuan Anh and Igl, Maximilian and Rainforth, Tom and Jin, Tom and Wood, Frank},
	booktitle={Proceedings of the International Conference on Learning Representations},
	year={2018}
}

@article{mikolov2013efficient,
  title={Efficient estimation of word representations in vector space},
  author={Mikolov, Tomas and Chen, Kai and Corrado, Greg and Dean, Jeffrey},
  journal={arXiv preprint arXiv:1301.3781},
  year={2013}
}

@inproceedings{igl2018deep,
	title = {Deep Variational Reinforcement Learning for {POMDP}s},
  author = {Igl, Maximilian and Zintgraf, Luisa and Le, Tuan Anh and Wood, Frank and Whiteson, Shimon},
  booktitle={Proceedings of the International Conference on Machine Learning},
  pages = {2117--2126},
  year = {2018},
}

@article{hafner2018planet,
	title={Learning Latent Dynamics for Planning from Pixels},
	author={Hafner, Danijar and Lillicrap, Timothy and Fischer, Ian and Villegas, Ruben and Ha, David and Lee, Honglak and Davidson, James},
	journal={arXiv preprint arXiv:1811.04551},
	year={2018}
}

@article{ba2016layer,
	title={Layer normalization},
	author={Ba, Jimmy Lei and Kiros, Jamie Ryan and Hinton, Geoffrey E},
	journal={arXiv preprint arXiv:1607.06450},
	year={2016}
}

@inproceedings{ioffe2015batch,
  title={Batch normalization: Accelerating deep network training by reducing internal covariate shift},
  author={Ioffe, Sergey and Szegedy, Christian},
  booktitle={Proceedings of the International Conference on Machine Learning},
  pages={448--456},
  year={2015},
}

@inproceedings{glorot2010understanding,
	title={Understanding the difficulty of training deep feedforward neural networks},
	author={Glorot, Xavier and Bengio, Yoshua},
	booktitle={Proceedings of the thirteenth international conference on artificial intelligence and statistics},
	year={2010}
}

@article{higgins2016beta,
	title={beta-vae: Learning basic visual concepts with a constrained variational framework},
	author={Higgins, Irina and Matthey, Loic and Pal, Arka and Burgess, Christopher and Glorot, Xavier and Botvinick, Matthew and Mohamed, Shakir and Lerchner, Alexander},
	year={2016}
}

@article{werbos1990backpropagation,
	title={Backpropagation through time: what it does and how to do it},
	author={Werbos, Paul J},
	journal={Proceedings of the IEEE},
	year={1990},
	publisher={IEEE}
}

@article{fox2012tutorial,
	title={A tutorial on variational Bayesian inference},
	author={Fox, Charles W and Roberts, Stephen J},
	journal={Artificial intelligence review},
	year={2012},
	publisher={Springer}
}

@article{lee2018gated,
	title={Gated Path Planning Networks},
	author={Lee, Lisa and Parisotto, Emilio and Chaplot, Devendra Singh and Xing, Eric and Salakhutdinov, Ruslan},
	journal={arXiv preprint arXiv:1806.06408},
	year={2018}
}

@inproceedings{wang2017deepvo,
	title={Deepvo: Towards end-to-end visual odometry with deep recurrent convolutional neural networks},
	author={Wang, Sen and Clark, Ronald and Wen, Hongkai and Trigoni, Niki},
	booktitle={IEEE International Conference on Robotics and Automation (ICRA)},
	year={2017}
}

@article{kim2014convolutional,
	title={Convolutional neural networks for sentence classification},
	author={Kim, Yoon},
	journal={arXiv preprint arXiv:1408.5882},
	year={2014}
}

@book{Goodfellow-et-al-2016,
	title={Deep Learning},
	author={Ian Goodfellow and Yoshua Bengio and Aaron Courville},
	publisher={MIT Press},
	note={\url{http://www.deeplearningbook.org}},
	year={2016}
}

@inproceedings{wang2017deepvo,
	title={Deepvo: Towards end-to-end visual odometry with deep recurrent convolutional neural networks},
	author={Wang, Sen and Clark, Ronald and Wen, Hongkai and Trigoni, Niki},
	booktitle={2017 IEEE International Conference on Robotics and Automation},
	year={2017}
}

@INPROCEEDINGS{Geiger2012CVPR,
	author = {Andreas Geiger and Philip Lenz and Raquel Urtasun},
	title = {Are we ready for Autonomous Driving? The KITTI Vision Benchmark Suite},
	booktitle = {Conference on Computer Vision and Pattern	Recognition (CVPR)},
	year = {2012}
} 


@article{williams2007partially,
  title={Partially observable {M}arkov decision processes for spoken dialog systems},
  author={Williams, Jason D and Young, Steve},
  journal={Computer Speech \& Language},
  volume={21},
  number={2},
  pages={393--422},
  year={2007},
}

@inproceedings{cho2014learning,
  title={Learning Phrase Representations using {RNN} Encoder--Decoder for Statistical Machine Translation},
  author={Cho, Kyunghyun and van Merrienboer, Bart and Gulcehre, Caglar and Bahdanau, Dzmitry and Bougares, Fethi and Schwenk, Holger and Bengio, Yoshua},
  booktitle={Proceedings of the 2014 Conference on Empirical Methods in Natural Language Processing},
  pages={1724--1734},
  year={2014}
}

@book{Thrun:2005:PR:1121596,
	author = {Thrun, Sebastian and Burgard, Wolfram and Fox, Dieter},
	title = {Probabilistic Robotics (Intelligent Robotics and Autonomous Agents)},
	year = {2005},
	isbn = {0262201623},
	publisher = {The MIT Press},
} 

@article{mirowski2016learning,
	title={Learning to navigate in complex environments},
	author={Mirowski, Piotr and Pascanu, Razvan and Viola, Fabio and Soyer, Hubert and Ballard, Andrew J and Banino, Andrea and Denil, Misha and Goroshin, Ross and Sifre, Laurent and Kavukcuoglu, Koray and others},
	journal={arXiv preprint arXiv:1611.03673},
	year={2016}
}

@inproceedings{forster2007rnn,
	title={RNN-based Learning of Compact Maps for Efficient Robot Localization.},
	author={F{\"o}rster, Alexander and Graves, Alex and Schmidhuber, J{\"u}rgen},
	booktitle={ESANN},
	pages={537--542},
	year={2007}
}	

@article{bahdanau2014neural,
	title={Neural machine translation by jointly learning to align and translate},
	author={Bahdanau, Dzmitry and Cho, Kyunghyun and Bengio, Yoshua},
	journal={arXiv preprint arXiv:1409.0473},
	year={2014}
}

@inproceedings{kaluvza2010agent,
	title={An agent-based approach to care in independent living},
	author={Kalu{\v{z}}a, Bo{\v{s}}tjan and Mirchevska, Violeta and Dovgan, Erik and Lu{\v{s}}trek, Mitja and Gams, Matja{\v{z}}},
	booktitle={International Joint Conference on Ambient Intelligence},
	pages={177--186},
	year={2010},
	organization={Springer}
}

@article{palumbo2016human,
	title={Human activity recognition using multisensor data fusion based on reservoir computing},
	author={Palumbo, Filippo and Gallicchio, Claudio and Pucci, Rita and Micheli, Alessio},
	journal={Journal of Ambient Intelligence and Smart Environments},
	volume={8},
	number={2},
	pages={87--107},
	year={2016},
	publisher={IOS Press}
}

@article{huerta2016online,
	title={Online decorrelation of humidity and temperature in chemical sensors for continuous monitoring},
	author={Huerta, Ramon and Mosqueiro, Thiago and Fonollosa, Jordi and Rulkov, Nikolai F and Rodriguez-Lujan, Irene},
	journal={Chemometrics and Intelligent Laboratory Systems},
	volume={157},
	pages={169--176},
	year={2016},
	publisher={Elsevier}
}

@article{casale2012personalization,
	title={Personalization and user verification in wearable systems using biometric walking patterns},
	author={Casale, Pierluigi and Pujol, Oriol and Radeva, Petia},
	journal={Personal and Ubiquitous Computing},
	volume={16},
	number={5},
	pages={563--580},
	year={2012},
	publisher={Springer-Verlag}
}


@misc{
	Reuters21578,
	title={Reuters-21578 Distribution 1.0},
	autor={Reuters},
	year={1987}
}

@InProceedings{maas-EtAl:2011:ACL-HLT2011,
	author    = {Maas, Andrew L.  and  Daly, Raymond E.  and  Pham, Peter T.  and  Huang, Dan  and  Ng, Andrew Y.  and  Potts, Christopher},
	title     = {Learning Word Vectors for Sentiment Analysis},
	booktitle = {Proceedings of the 49th Annual Meeting of the Association for Computational Linguistics: Human Language Technologies},
	year      = {2011},
	pages     = {142--150},
}

@article{candanedo2017data,
	title={Data driven prediction models of energy use of appliances in a low-energy house},
	author={Candanedo, Luis M and Feldheim, V{\'e}ronique and Deramaix, Dominique},
	journal={Energy and buildings},
	volume={140},
	pages={81--97},
	year={2017},
	publisher={Elsevier}
}

@inproceedings{qin2017dual,
  title={A dual-stage attention-based recurrent neural network for time series prediction},
  author={Qin, Yao and Song, Dongjin and Cheng, Haifeng and Cheng, Wei and Jiang, Guofei and Cottrell, Garrison W},
  booktitle={Proceedings of the International Joint Conference on Artificial Intelligence},
  pages={2627--2633},
  year={2017},
}

@article{de2008field,
	title={On field calibration of an electronic nose for benzene estimation in an urban pollution monitoring scenario},
	author={De Vito, Saverio and Massera, Ettore and Piga, M and Martinotto, L and Di Francia, G},
	journal={Sensors and Actuators B: Chemical},
	volume={129},
	number={2},
	pages={750--757},
	year={2008},
	publisher={Elsevier}
}

@article{liang2015assessing,
	title={Assessing {B}eijing's PM2.5 pollution: severity, weather impact, {APEC} and winter heating},
	author={Liang, Xuan and Zou, Tao and Guo, Bin and Li, Shuo and Zhang, Haozhe and Zhang, Shuyi and Huang, Hui and Chen, Song Xi},
  journal={Proceedings of the Royal Society of London Series A},
  volume={471},
  pages={20150257},
  number={2182},
  year={2015}
}

@article{guo2018neural,
  title={Neural Predictive Belief Representations},
  author={Guo, Zhaohan Daniel and Azar, Mohammad Gheshlaghi and Piot, Bilal and Pires, Bernardo A and Pohlen, Toby and Munos, R{\'e}mi},
  journal={arXiv preprint arXiv:1811.06407},
  year={2018}
}


@article{moreno2018neural,
  title={Neural belief states for partially observed domains},
  author={Moreno, Pol and Humplik, Jan and Papamakarios, George and Avila Pires, Bernardo and Buesing, Lars and Heess,
Nicolas and Weber, Theophane},
  journal={NeurIPS Workshop on Reinforcement Learning under Partial Observability},
  year={2018}
}

@article{gregor2018temporal,
  title={Temporal Difference Variational Auto-Encoder},
  author={Gregor, Karol and Besse, Frederic},
  journal={arXiv preprint arXiv:1806.03107},
  year={2018}
}

@article{santoro2018relational,
  title={Relational recurrent neural networks},
  author={Santoro, Adam and Faulkner, Ryan and Raposo, David and Rae, Jack and Chrzanowski, Mike and Weber, Theophane and Wierstra, Daan and Vinyals, Oriol and Pascanu, Razvan and Lillicrap, Timothy},
  journal={Advances in Neural Information Processing Systems},
  year={2018}
}

@article{silver2017mastering,
	title={Mastering the game of go without human knowledge},
	author={Silver, David and Schrittwieser, Julian and Simonyan, Karen and Antonoglou, Ioannis and Huang, Aja and Guez, Arthur and Hubert, Thomas and Baker, Lucas and Lai, Matthew and Bolton, Adrian and others},
	journal={Nature},
	year={2017}
}

@inproceedings{pineau2004applying,
	title={Applying metric-trees to belief-point POMDPs},
	author={Pineau, Joelle and Gordon, Geoffrey J and Thrun, Sebastian},
	booktitle={Advances in Neural Information Processing Systems},
	pages={759--766},
	year={2004}
}

@inproceedings{silver2010monte,
	title={Monte-Carlo planning in large POMDPs},
	author={Silver, David and Veness, Joel},
	booktitle={Advances in neural information processing systems},
	pages={2164--2172},
	year={2010}
}



@article{papadimitriou1987complexity,
	title={The complexity of Markov decision processes},
	author={Papadimitriou, Christos H and Tsitsiklis, John N},
	journal={Mathematics of operations research},
	year={1987}
}

@article{zhu2018improving,
	title={On improving deep reinforcement learning for pomdps},
	author={Zhu, Pengfei and Li, Xin and Poupart, Pascal and Miao, Guanghui},
	journal={arXiv preprint arXiv:1804.06309},
	year={2018}
}

@inproceedings{bakker2002reinforcement,
	title={Reinforcement learning with long short-term memory},
	author={Bakker, Bram},
	booktitle={Advances in neural information processing systems},
	year={2002}
}

@inproceedings{wierstra2007solving,
	title={Solving deep memory POMDPs with recurrent policy gradients},
	author={Wierstra, Daan and Foerster, Alexander and Peters, Jan and Schmidhuber, Juergen},
	booktitle={International Conference on Artificial Neural Networks},
	year={2007},
	organization={Springer}
}

@article{williams1992simple,
	title={Simple statistical gradient-following algorithms for connectionist reinforcement learning},
	author={Williams, Ronald J},
	journal={Machine learning},
	year={1992}
}

@article{zhang2015policy,
	title={Policy learning with continuous memory states for partially observed robotic control},
	author={Zhang, Marvin and Levine, Sergey and McCarthy, Zoe and Finn, Chelsea and Abbeel, Pieter},
	journal={CoRR, abs/1507.01273},
	year={2015}
}

@article{foerster2016learning,
	title={Learning to communicate to solve riddles with deep distributed recurrent q-networks},
	author={Foerster, Jakob N and Assael, Yannis M and de Freitas, Nando and Whiteson, Shimon},
	journal={arXiv preprint arXiv:1602.02672},
	year={2016}
}


